@InProceedings{referencia1,
	author = "Hernán Hernández and Fernando Fernández and Álvaro Álvarez",
	booktitle = "Proc. of IEEE International Conference on Pervasive Computing and Communications",
	title = "Ejemplo de una referencia de conferencia",
	year = "2021",
	month = "March",
	volume = "12",
	number = "",
	pages = "344--347",
	keywords = "",
	ISSN = ""
}
